<record><leader>00000cas a22000007a 4500</leader><controlfield tag="001">9417575</controlfield><controlfield tag="008">830415d18631864mouwr ne      0   a0eng d</controlfield><datafield ind1=" " ind2=" " tag="010"><subfield code="a">sn 83025370 </subfield></datafield><datafield ind1=" " ind2=" " tag="040"><subfield code="a">NPV</subfield><subfield code="b">eng</subfield><subfield code="c">NPV</subfield><subfield code="d">MQN</subfield><subfield code="d">OCLCQ</subfield></datafield><datafield ind1=" " ind2=" " tag="042"><subfield code="a">msc</subfield></datafield><datafield ind1=" " ind2=" " tag="043"><subfield code="a">n-us-mo</subfield></datafield><datafield ind1=" " ind2=" " tag="045"><subfield code="a">w6w-</subfield></datafield><datafield ind1=" " ind2=" " tag="052"><subfield code="a">4163</subfield><subfield code="b">B8</subfield></datafield><datafield ind1="0" ind2="0" tag="245"><subfield code="a">Saint Joseph weekly tribune.</subfield></datafield><datafield ind1="3" ind2="0" tag="246"><subfield code="a">St. Joseph weekly tribune</subfield></datafield><datafield ind1=" " ind2=" " tag="260"><subfield code="a">St. Joseph, Mo. :</subfield><subfield code="b">D.K. Abeel</subfield></datafield><datafield ind1=" " ind2=" " tag="300"><subfield code="a">v. :</subfield><subfield code="b">ill. (chiefly adv.) ;</subfield><subfield code="c">56 cm.</subfield></datafield><datafield ind1=" " ind2=" " tag="310"><subfield code="a">Weekly</subfield></datafield><datafield ind1="1" ind2=" " tag="362"><subfield code="a">Began in Oct. 1863? Ceased in 1864.</subfield></datafield><datafield ind1=" " ind2=" " tag="588"><subfield code="a">Description based on: Vol. 1, no. 22 (Mar. 10, 1864).</subfield></datafield><datafield ind1=" " ind2=" " tag="752"><subfield code="a">United States</subfield><subfield code="b">Missouri</subfield><subfield code="c">Buchanan</subfield><subfield code="d">Saint Joseph.</subfield></datafield><datafield ind1="0" ind2=" " tag="775"><subfield code="t">Saint Joseph daily tribune</subfield><subfield code="w">(DLC)sn 83025369</subfield></datafield><datafield ind1="0" ind2="7" tag="785"><subfield code="t">Weekly herald (Saint Joseph, Mo. : 1862)</subfield><subfield code="w">(DLC)sn 87052175</subfield></datafield><datafield ind1="0" ind2="7" tag="785"><subfield code="t">Weekly herald and tribune (Saint Joseph, Mo.)</subfield><subfield code="w">(DLC)sn 87052176</subfield></datafield><datafield ind1="1" ind2=" " tag="029"><subfield code="a">AU@</subfield><subfield code="b">000025812212</subfield></datafield></record>